
@misc{vrex,
    howpublished = {\url{https://vrex.no/}},
    author = {{Vixel AS}},
    note = {Visited: 23.05.2018},
}

@misc{vixel,
    howpublished = {\url{https://www.vixel.no/}},
    author = {{Vixel AS}},
    note = {Visited: 23.05.2018},
}